@article{breiman2001random,
  title={Random forests},
  author={Breiman, Leo},
  journal={Machine learning},
  volume={45},
  number={1},
  pages={5--32},
  year={2001},
  publisher={Springer}
}

@inproceedings{parasyris2014gemfi,
  title={GemFI: A fault injection tool for studying the behavior of applications on unreliable substrates},
  author={Parasyris, Konstantinos and Tziantzoulis, Georgios and Antonopoulos, Christos D and Bellas, Nikolaos},
  booktitle={2014 44th Annual IEEE/IFIP International Conference on Dependable Systems and Networks},
  pages={622--629},
  year={2014},
  organization={IEEE}
}

@inproceedings{guthaus2001mibench,
  title={MiBench: A free, commercially representative embedded benchmark suite},
  author={Guthaus, Matthew R and Ringenberg, Jeffrey S and Ernst, Dan and Austin, Todd M and Mudge, Trevor and Brown, Richard B},
  booktitle={Workload Characterization, 2001. WWC-4. 2001 IEEE International Workshop on},
  pages={3--14},
  year={2001},
  organization={IEEE}
}

@article{powers2011evaluation,
  title={Evaluation: from precision, recall and F-measure to ROC, informedness, markedness and correlation},
  author={Powers, David Martin},
  year={2011},
  publisher={Bioinfo Publications}
}

@article{Binkert:2011:GS:2024716.2024718,
 author = {Binkert, Nathan and Beckmann, Bradford and Black, Gabriel and Reinhardt, Steven K. and Saidi, Ali and Basu, Arkaprava and Hestness, Joel and Hower, Derek R. and Krishna, Tushar and Sardashti, Somayeh and Sen, Rathijit and Sewell, Korey and Shoaib, Muhammad and Vaish, Nilay and Hill, Mark D. and Wood, David A.},
 title = {The Gem5 Simulator},
 journal = {SIGARCH Comput. Archit. News},
 issue_date = {May 2011},
 volume = {39},
 number = {2},
 month = aug,
 year = {2011},
 issn = {0163-5964},
 pages = {1--7},
 numpages = {7},
 url = {http://doi.acm.org/10.1145/2024716.2024718},
 doi = {10.1145/2024716.2024718},
 acmid = {2024718},
 publisher = {ACM},
 address = {New York, NY, USA},
} 